<?xml version="1.0" encoding="UTF-8" ?>
<collection xmlns:xsi="http://www.w3.org/2001/XMLSchema-instance"
    xsi:schemaLocation="http://www.loc.gov/MARC21/slim
        http://www.loc.gov/standards/marcxml/schema/MARC21slim.xsd"
    xmlns="http://www.loc.gov/MARC21/slim">
<record>
  <leader>00257cam a2200493 i 4500</leader>
  <controlfield tag="001">b12370629</controlfield>
  <controlfield tag="003">LeBAU</controlfield>
  <controlfield tag="005">20180221</controlfield>
  <controlfield tag="008">970228s1930    ua            ||0 0 ara d</controlfield>
  <datafield tag="035" ind1=" " ind2=" ">
    <subfield code="a">ocn784282843</subfield>
  </datafield>
  <datafield tag="040" ind1=" " ind2=" ">
    <subfield code="a">LEAUB</subfield>
    <subfield code="b">ara</subfield>
    <subfield code="e">rda</subfield>
    <subfield code="c">LEAUB</subfield>
    <subfield code="d">LEAUB</subfield>
  </datafield>
  <datafield tag="082" ind1="0" ind2="4">
    <subfield code="a">297</subfield>
    <subfield code="2">22</subfield>
  </datafield>
  <datafield tag="100" ind1="1" ind2=" ">
    <subfield code="6">880-01</subfield>
    <subfield code="a">Ibn Taymīyah, Aḥmad ibn ʻAbd al-Ḥalīm,</subfield>
    <subfield code="d">1263-1328,</subfield>
    <subfield code="e">author.</subfield>
  </datafield>
  <datafield tag="245" ind1="1" ind2="0">
    <subfield code="6">880-02</subfield>
    <subfield code="a">Qāʻidah fī al-muʻjizāt wa-al-karāmāt wa-anwāʻ khawāriq al-ʻādāt wa-manāfiʻuhā wa-maḍārruhā /</subfield>
    <subfield code="c">min qawāʻid shaykh al-Islām ibn Taymīyah ; ashrafa ʻalá taṣḥīhihi wa-ʻallaqa ʻalayhi ḥawāshīhi al-Sayyid Muḥammad Rashīd Riḍā, munshiʼ Majallat al-Manār.</subfield>
  </datafield>
  <datafield tag="250" ind1=" " ind2=" ">
    <subfield code="6">880-03</subfield>
    <subfield code="a">al-Ṭabʻah al-ūlá.</subfield>
  </datafield>
  <datafield tag="264" ind1=" " ind2="1">
    <subfield code="6">880-04</subfield>
    <subfield code="a">Miṣr :</subfield>
    <subfield code="b">Maṭbaʻat al-Manār,</subfield>
    <subfield code="c">1349 [H.], [1930? M.]</subfield>
  </datafield>
  <datafield tag="300" ind1=" " ind2=" ">
    <subfield code="6">880-05</subfield>
    <subfield code="a">232, 8 pages ;</subfield>
    <subfield code="c">24 cm</subfield>
  </datafield>
  <datafield tag="336" ind1=" " ind2=" ">
    <subfield code="a">text</subfield>
    <subfield code="b">txt</subfield>
    <subfield code="2">rdacontent</subfield>
  </datafield>
  <datafield tag="337" ind1=" " ind2=" ">
    <subfield code="a">unmediated</subfield>
    <subfield code="b">n</subfield>
    <subfield code="2">rdamedia</subfield>
  </datafield>
  <datafield tag="338" ind1=" " ind2=" ">
    <subfield code="a">volume</subfield>
    <subfield code="b">nc</subfield>
    <subfield code="2">rdacarrier</subfield>
  </datafield>
  <datafield tag="500" ind1=" " ind2=" ">
    <subfield code="a">"الجزء الخامس من مجموعة الرسائل والمسائل / لشيخ الاسلام إبن تيمية."--فهرس.</subfield>
  </datafield>
  <datafield tag="505" ind1="0" ind2=" ">
    <subfield code="a">قاعدة في المعجزات والكرامات وأنواع خوارق العادات ومنافعها ومضارها:</subfield>
    <subfield code="g">الرسالة الأولى.</subfield>
    <subfield code="t">قاعدة شريفة في المعجزات والكرامات --</subfield>
    <subfield code="g">الرسالة الثانية.</subfield>
    <subfield code="t">تفصيل الإجمال فيما يجب لله من صفات الكمال --</subfield>
    <subfield code="g">الرسالة الثالثة.</subfield>
    <subfield code="t">العبادات الشرعية والفرق بينها وبين البدعية --</subfield>
    <subfield code="g">الرسالة الرابعة.</subfield>
    <subfield code="t">فتيا شيخ الإسلام في مسألة الغيبة --</subfield>
    <subfield code="g">الرسالة الخامسة.</subfield>
    <subfield code="t">أقوم ما قيل في المشيئة والحكمة والقضاء والقدر والتعليل وبطلان الجبر والتعطيل --</subfield>
    <subfield code="g">الرسالة السادسة.</subfield>
    <subfield code="t">شرح حديث عمران بن حصين "كان الله ولم يكن شئ قبله" --</subfield>
    <subfield code="g">الرسالة السابعة.</subfield>
    <subfield code="t">قاعدة في جمع كلمة المسلمين ووجوب إعتصامهم بحبل الله المتين --</subfield>
    <subfield code="g">الرسالة الثامنة.</subfield>
    <subfield code="t">المذهب الصحيح الواضح في مسألة وضع الجوائح.</subfield>
  </datafield>
  <datafield tag="650" ind1=" " ind2="4">
    <subfield code="a">المعجزات (الإسلام)</subfield>
    <subfield code="v">اعمال قديمة حتى 1800.</subfield>
  </datafield>
  <datafield tag="650" ind1=" " ind2="4">
    <subfield code="a">الاسلام</subfield>
    <subfield code="x">عقائد</subfield>
    <subfield code="v">اعمال قديمة حتى 1800.</subfield>
  </datafield>
  <datafield tag="650" ind1=" " ind2="4">
    <subfield code="a">الفقه الاسلامي</subfield>
    <subfield code="v">اعمال قديمة حتى 1800.</subfield>
  </datafield>
  <datafield tag="650" ind1=" " ind2="4">
    <subfield code="a">الله (الاسلام)</subfield>
    <subfield code="v">اعمال قديمة حتى 1800.</subfield>
  </datafield>
  <datafield tag="650" ind1=" " ind2="0">
    <subfield code="a">Miracles (Islam)</subfield>
    <subfield code="v">Early works to 1800.</subfield>
  </datafield>
  <datafield tag="650" ind1=" " ind2="0">
    <subfield code="a">Islam</subfield>
    <subfield code="x">Doctrines</subfield>
    <subfield code="v">Early works to 1800.</subfield>
  </datafield>
  <datafield tag="650" ind1=" " ind2="0">
    <subfield code="a">Islamic law</subfield>
    <subfield code="v">Early works to 1800.</subfield>
  </datafield>
  <datafield tag="650" ind1=" " ind2="0">
    <subfield code="a">God (Islam)</subfield>
    <subfield code="v">Early works to 1800.</subfield>
  </datafield>
  <datafield tag="700" ind1="0" ind2=" ">
    <subfield code="6">880-06</subfield>
    <subfield code="a">Muḥammad Rashīd Riḍā,</subfield>
    <subfield code="e">compiler.</subfield>
  </datafield>
  <datafield tag="787" ind1="0" ind2=" ">
    <subfield code="6">880-07</subfield>
    <subfield code="i">is contained in (work)</subfield>
    <subfield code="4">http://rdaregistry.info/Elements/w/P10019:</subfield>
    <subfield code="a">Ibn Taymīyah, Aḥmad ibn ʻAbd al-Ḥalīm, 1263-1328.</subfield>
    <subfield code="t">Majmūʻat al-Rasāʼil wa-al-Masāʼil.</subfield>
    <subfield code="d">al-Qāhirah : Lajnat al-Turāth al-ʻArabī, [1960?]</subfield>
    <subfield code="w">(OCoLC)784533178</subfield>
    <subfield code="w">(OCoLC)784533178</subfield>
  </datafield>
  <datafield tag="852" ind1=" " ind2=" ">
    <subfield code="a">Jafet Library</subfield>
    <subfield code="e">American University of Beirut, Bliss Street , Beirut, Lebanon.</subfield>
  </datafield>
  <datafield tag="880" ind1="1" ind2=" ">
    <subfield code="6">100-01/(3/r</subfield>
    <subfield code="a">ابن تيمية، احمد بن عبد الحليم،</subfield>
    <subfield code="d">1263-1328،</subfield>
    <subfield code="e">مؤلف. </subfield>
    <subfield code="4">aut.</subfield>
  </datafield>
  <datafield tag="880" ind1="1" ind2="0">
    <subfield code="6">245-02/(3/r</subfield>
    <subfield code="a">قاعدة في المعجزات والكرامات وأنواع خوارق العادات ومنافعها ومضارها /</subfield>
    <subfield code="c">من قواعد شيخ الإسلام إبن تيمية ؛ أشرف على تصحيحه وعلق عليه حواشيه السيد محمد رشيد رضا، منشئ مجلة المنار.</subfield>
  </datafield>
  <datafield tag="880" ind1=" " ind2=" ">
    <subfield code="6">250-03/(3/r</subfield>
    <subfield code="a">الطبعة الأولى.</subfield>
  </datafield>
  <datafield tag="880" ind1=" " ind2="1">
    <subfield code="6">264-04/(3/r</subfield>
    <subfield code="a">مصر :</subfield>
    <subfield code="b">مطبعة المنار،</subfield>
    <subfield code="c">1349 [هـ.]، [1930؟ م.]</subfield>
  </datafield>
  <datafield tag="880" ind1=" " ind2=" ">
    <subfield code="6">300-05/(3/r</subfield>
    <subfield code="a">232، 8 صفحات ؛</subfield>
    <subfield code="c">24 سم</subfield>
  </datafield>
  <datafield tag="880" ind1="0" ind2=" ">
    <subfield code="6">700-06/(3/r</subfield>
    <subfield code="a">محمد رشيد رضا،</subfield>
    <subfield code="e">معد. </subfield>
    <subfield code="4">com.</subfield>
  </datafield>
  <datafield tag="880" ind1="0" ind2=" ">
    <subfield code="6">787-07/(3/r</subfield>
    <subfield code="i">متضمن في (عمل)</subfield>
    <subfield code="4">http://rdaregistry.info/Elements/w/P10019:</subfield>
    <subfield code="a">ابن تيمية، احمد بن عبد الحليم، 1263-1328.</subfield>
    <subfield code="t">مجموعة الرسائل والمسائل.</subfield>
    <subfield code="d">القاهرة : لجنة التراث العربي، [1960؟]</subfield>
    <subfield code="w">b13029812</subfield>
    <subfield code="w">(OCoLC)784533178</subfield>
  </datafield>
  <datafield tag="907" ind1=" " ind2=" ">
    <subfield code="a">.b12370629</subfield>
    <subfield code="b">18-03-08</subfield>
    <subfield code="c">11-05-24</subfield>
  </datafield>
  <datafield tag="907" ind1=" " ind2=" ">
    <subfield code="a">.b12370629</subfield>
    <subfield code="b">11-10-11</subfield>
    <subfield code="c">11-05-24</subfield>
  </datafield>
  <datafield tag="945" ind1=" " ind2=" ">
    <subfield code="f">J</subfield>
    <subfield code="a">297:I247mbA:c.1</subfield>
    <subfield code="i">01009072</subfield>
    <subfield code="j">.i12821287</subfield>
    <subfield code="l">u0503</subfield>
  </datafield>
  <datafield tag="998" ind1=" " ind2=" ">
    <subfield code="a">u05</subfield>
    <subfield code="b">97-02-28</subfield>
    <subfield code="c">m</subfield>
    <subfield code="d">a</subfield>
    <subfield code="e">-</subfield>
    <subfield code="f">ara</subfield>
    <subfield code="g">ua </subfield>
    <subfield code="h">0</subfield>
    <subfield code="i">1</subfield>
  </datafield>
</record>
</collection>
